@inproceedings{DBLP:conf/hotos/NarayananBRRB19,
  author    = {Vikram Narayanan and
               Marek S. Baranowski and
               Leonid Ryzhyk and
               Zvonimir Rakamaric and
               Anton Burtsev},
  title     = {RedLeaf: Towards An Operating System for Safe and Verified Firmware},
  booktitle = {Proceedings of the Workshop on Hot Topics in Operating Systems, HotOS
               2019, Bertinoro, Italy, May 13-15, 2019},
  pages     = {37--44},
  year      = {2019},
  crossref  = {DBLP:conf/hotos/2019},
  url       = {https://doi.org/10.1145/3317550.3321449},
  doi       = {10.1145/3317550.3321449},
  timestamp = {Wed, 29 May 2019 13:40:46 +0200},
  biburl    = {https://dblp.org/rec/bib/conf/hotos/NarayananBRRB19},
  bibsource = {dblp computer science bibliography, https://dblp.org}
}

@article{DBLP:journals/corr/abs-1805-05576,
  author    = {Georges{-}Axel Jaloyan and
               Yannick Moy and
               Andrei Paskevich},
  title     = {Borrowing Safe Pointers from {R}ust in {SPARK}},
  journal   = {CoRR},
  volume    = {abs/1805.05576},
  year      = {2018},
  url       = {http://arxiv.org/abs/1805.05576},
  archivePrefix = {arXiv},
  eprint    = {1805.05576},
  timestamp = {Mon, 13 Aug 2018 16:47:52 +0200},
  biburl    = {https://dblp.org/rec/bib/journals/corr/abs-1805-05576},
  bibsource = {dblp computer science bibliography, https://dblp.org}
}

@techreport{AstrauskasMuellerPoliSummers19,
 author = {V. Astrauskas and P. M\"uller and F. Poli and A. J. Summers},
 title = {Leveraging {R}ust Types for Modular Specification and Verification},
 institution = {ETH Zurich},
 year = {2019},
 doi = {10.3929/ethz-b-000311092},
}
 
@article{DBLP:journals/corr/abs-1903-00982,
  author    = {Aaron Weiss and
               Daniel Patterson and
               Nicholas D. Matsakis and
               Amal Ahmed},
  title     = {Oxide: The Essence of {R}ust},
  journal   = {CoRR},
  volume    = {abs/1903.00982},
  year      = {2019},
  url       = {http://arxiv.org/abs/1903.00982},
  archivePrefix = {arXiv},
  eprint    = {1903.00982},
  timestamp = {Sat, 30 Mar 2019 19:27:21 +0100},
  biburl    = {https://dblp.org/rec/bib/journals/corr/abs-1903-00982},
  bibsource = {dblp computer science bibliography, https://dblp.org}
}
